@Online{statista2020,
	author = {statista},
	title = {Market share of project management technologies in Germany as of January 2020},
	url = {https://www.statista.com/statistics/937509/germany-market-share-of-project-management-technologies/},
	date = {2020-01},
	urldate = {2022-05-09}
}
@Online{statista2021,
	author = {statista},
	title = {Anteil der Lehrkräfte ab 50 Jahren an allgemeinbildenden Schulen in Deutschland im Schuljahr 2020/2021 nach Bundesländern},
	url = {https://de.statista.com/statistik/daten/studie/215058/umfrage/anteil-der-lehrer-ueber-49-jahre-nach-bundeslaendern/},
	date = {2021-09},
	urldate = {2022-06-01}
}
@Online{dzhw2018,
	author = {studierendenWERK BERLIN},
	title = {Die wirtschaftliche und soziale Lage
der Studierenden in Berlin 2016},
	url = {https://www.stw.berlin/assets/sw-berlin/files/Unternehmenskommunikaton/Sozialerhebung_2018.pdf},
	date = {2021-09},
	urldate = {2022-06-01}
}
@inproceedings{inproceedings,
author = {Billestrup, Jane and Stage, Jan and Bruun, Anders and Nielsen, Lene and Nielsen, Kira},
year = {2014},
month = {09},
pages = {251-258},
title = {Creating and Using Personas in Software Development: Experiences from Practice},
isbn = {978-3-662-44810-6},
doi = {10.1007/978-3-662-44811-3_16}
}
@book{smi:60,
	 author = {Jane Smith},
	 title = {Books: Should you really read them?},
	 year = {1460},
	 edition = {1},
	 publisher = {Gutenberg Press},
	 address = {Strasbourg}
} 



@article{wri:81,
	author = {Tim Writer},
	title = {How to write articles},
	journal = {MyMagazine},
	issue_date = {Nov. 1981},
	volume = {42},
	number = {01},
	month = {01},
	year = {1984},
	pages = {770-772},
	publisher = {ACM},
	address = {New York}
} 

@techreport{wai:99,
	author = {D. Waitzman},
	title = {IP over Avian Carriers with Quality of Service},
	howpublished = {Internet Requests for Comments},
	type = {RFC},
	number = {2289},
	year = {1999},
	month = {4},
	day = {1},
	url = {https://www.ietf.org/rfc/rfc2549},
}

@MastersThesis{stu:89,
	author = {Jane Student},
	title = {Important Thesis Title},
	school = {Milky Way University of Melmac},
	year = {1989},
	type = {Master Thesis}
}
